<record><leader>00000cas a22000007a 4500</leader><controlfield tag="001">19081352</controlfield><controlfield tag="008">890130d18891941mouwr ne      0    0eng d</controlfield><datafield ind1=" " ind2=" " tag="010"><subfield code="a">sn 89066018 </subfield></datafield><datafield ind1=" " ind2=" " tag="040"><subfield code="a">MQN</subfield><subfield code="b">eng</subfield><subfield code="c">MQN</subfield><subfield code="d">OCLCQ</subfield></datafield><datafield ind1=" " ind2=" " tag="042"><subfield code="a">msc</subfield></datafield><datafield ind1="0" ind2=" " tag="130"><subfield code="a">Barnard bulletin (Barnard, Mo.)</subfield></datafield><datafield ind1="1" ind2="4" tag="245"><subfield code="a">The Barnard bulletin.</subfield></datafield><datafield ind1=" " ind2=" " tag="260"><subfield code="a">Barnard, Nodaway County, Mo. :</subfield><subfield code="b">J.T. Goff</subfield></datafield><datafield ind1=" " ind2=" " tag="300"><subfield code="a">v.</subfield></datafield><datafield ind1=" " ind2=" " tag="310"><subfield code="a">Weekly</subfield></datafield><datafield ind1="1" ind2=" " tag="362"><subfield code="a">Began in 1889?</subfield></datafield><datafield ind1="0" ind2=" " tag="362"><subfield code="a">-v. 58, no. 42 (Sept. 18, 1941).</subfield></datafield><datafield ind1=" " ind2=" " tag="515"><subfield code="a">Suspended Apr. or May 1913? Resumed Aug. 7, 1913.</subfield></datafield><datafield ind1=" " ind2=" " tag="588"><subfield code="a">Description based on: 17th yr., no. 15 (Oct. 18, 1906).</subfield></datafield><datafield ind1=" " ind2="4" tag="651"><subfield code="a">Barnard (Mo.)</subfield><subfield code="v">Newspapers.</subfield></datafield><datafield ind1=" " ind2=" " tag="752"><subfield code="a">United States</subfield><subfield code="b">Missouri</subfield><subfield code="c">Nodaway</subfield><subfield code="d">Barnard.</subfield></datafield><datafield ind1="0" ind2="4" tag="785"><subfield code="t">Maryville daily forum</subfield><subfield code="w">(DLC)sn 89066025</subfield></datafield></record>